<record><leader>00000cas a22000007a 4500</leader><controlfield tag="001">41515057</controlfield><controlfield tag="008">990610d1975197uncuwr ne      0    0eng d</controlfield><datafield ind1=" " ind2=" " tag="010"><subfield code="a">sn 99061538 </subfield></datafield><datafield ind1=" " ind2=" " tag="040"><subfield code="a">NVJ</subfield><subfield code="b">eng</subfield><subfield code="c">NVJ</subfield><subfield code="d">OCLCF</subfield><subfield code="d">OCLCO</subfield></datafield><datafield ind1="1" ind2=" " tag="029"><subfield code="a">AU@</subfield><subfield code="b">000020230312</subfield></datafield><datafield ind1=" " ind2=" " tag="042"><subfield code="a">msc</subfield></datafield><datafield ind1="0" ind2="0" tag="245"><subfield code="a">This week and the courier-sun</subfield></datafield><datafield ind1="3" ind2="3" tag="246"><subfield code="a">Courier sun</subfield></datafield><datafield ind1="3" ind2="0" tag="246"><subfield code="a">Forest City this week</subfield></datafield><datafield ind1="1" ind2="7" tag="246"><subfield code="a">This week/courier-sun</subfield></datafield><datafield ind1=" " ind2=" " tag="260"><subfield code="a">Forest City, N.C. :</subfield><subfield code="b">Forest City Pub. Co., Inc.,</subfield></datafield><datafield ind1=" " ind2=" " tag="300"><subfield code="a">v.</subfield></datafield><datafield ind1=" " ind2=" " tag="310"><subfield code="a">Weekly</subfield></datafield><datafield ind1="0" ind2=" " tag="362"><subfield code="a">Vol. 7, no. 25 (Sept. 3, 1975)-</subfield></datafield><datafield ind1=" " ind2="0" tag="651"><subfield code="a">Forest City (N.C.)</subfield><subfield code="v">Newspapers.</subfield></datafield><datafield ind1=" " ind2="0" tag="651"><subfield code="a">Rutherford County (N.C.)</subfield><subfield code="v">Newspapers.</subfield></datafield><datafield ind1=" " ind2="7" tag="655"><subfield code="a">Newspapers.</subfield><subfield code="2">fast</subfield><subfield code="0">(OCoLC)fst01423814</subfield></datafield><datafield ind1=" " ind2="7" tag="651"><subfield code="a">North Carolina</subfield><subfield code="z">Forest City.</subfield><subfield code="2">fast</subfield><subfield code="0">(OCoLC)fst01216525</subfield></datafield><datafield ind1=" " ind2="7" tag="651"><subfield code="a">North Carolina</subfield><subfield code="z">Rutherford County.</subfield><subfield code="2">fast</subfield><subfield code="0">(OCoLC)fst01212236</subfield></datafield><datafield ind1=" " ind2=" " tag="752"><subfield code="a">United States</subfield><subfield code="b">North Carolina</subfield><subfield code="c">Rutherford</subfield><subfield code="d">Forest City.</subfield></datafield><datafield ind1="0" ind2="4" tag="780"><subfield code="t">This week (Forest City, N.C.)</subfield><subfield code="w">(DLC)sn 98058889</subfield></datafield><datafield ind1="0" ind2="4" tag="780"><subfield code="t">Courier-sun</subfield><subfield code="w">(DLC)sn 99061537</subfield></datafield><datafield ind1="0" ind2="0" tag="785"><subfield code="t">Daily courier (Forest City, N.C.)</subfield><subfield code="w">(DLC)sn 98058890</subfield></datafield></record>